@InProceedings{dudebout_shamma:2012,
  author       = "Dudebout, Nicolas and Shamma, Jeff S.",
  title        = "Empirical Evidence Equilibria in Stochastic Games",
  booktitle    = "51st IEEE Conference on Decision and Control",
  year         = 2012,
  month        = dec
}
